@BOOK{Moore:1979:MAI,
  Address =	 {Philadelphia, PA, USA},
  Author =	 {Moore, R. E.},
  Pages =	 {xi + 190},
  Publisher =	 {Society for Industrial and Applied Mathematics},
  Title =	 {Methods and Applications of Interval Analysis},
  Year =	 {1979}
}

@BOOK{vonNeumann:1966:TSR,
  Author =	 {{von Neumann}, J.},
  Editor =	 {Burks, A. W.},
  Pages =	 {xix + 388},
  Title =	 {Theory of Self-Reproducing Automata},
  Year =	 {1966}
}

@MastersThesis{Aguiar:2005,
   author =       "Marilton Aguiar",
   title =        "Título da Monografia",
   school =       "Centro de Desenvolvimento Tecnológico, Universidade Federal de Pelotas",
   year =         "2005",
   type =         "Trabalho de Conclusão (Curso de Ciência da Computação)",
   pages =        "85",
   address =      "Pelotas"}

@Book{Cormen,
  author =	"T. Cormen and C. Leiserson and R. Rivest",
  title =	"Introduction to Algorithms",
  publisher =	"{MIT} Press",
  year = 	"1990",
}

@online{society_factsheet_2012,
	title = {Factsheet 417: {The} later stages of dementia},
	url = {https://www.alzheimers.org.uk/site/scripts/documents\_info.php?documentID=101},
	abstract = {An Alzheimer's Society factsheet on the later stages of dementia.},
	urldate = {2016-11-13},
	author = {Society, Alzheimer's},
	month = mar,
	year = {2012}
}